@book {arens_mathematik,
	title = {Mathematik},
	editor = {Arens, Tilo},
	address = {Heidelberg},
	publisher = {Spektrum, Akad. Verl.},
	year = {2012},
	edition = {2. Aufl.},
	ISBN = {978-3-8274-2347-4},
	ISBN = {3-8274-2347-3},
	language = {Deutsch},
	keywords = {Mathematik. Lehrbuch. Mathematics},
	note = {XIII, 1506 Seiten},
	note = {UB Vaihingen},
}

@MISC{NT2,
	AUTHOR = {Prof. Dr.-Ing Stephan ten Brink},
	YEAR = {2019},
	TITLE = {NT2 Script},
	note = {Vorlesungsscript}
}

@MISC{HM3,
	AUTHOR = {Prof. Dr. Marcel Griesemer},
	YEAR = {2018},
	TITLE = {HM3 Script},
	note = {Vorlesungsscript}
}

@MISC{HM12,
	AUTHOR = {Prof. Dr. Guido Schneider},
	YEAR = {2018},
	TITLE = {HM1-2 Script},
	note = {Vorlesungsscript}
}

@BOOK{LinAF,
	AUTHOR = {Gerd Fischer},
	TITLE = {Lineare Algebra},
	YEAR = {2014},
	PUBLISHER = {Springer Spektrum},
	EDITION = {18}
}

@BOOK{Ana1F,
	AUTHOR = {Otto Forster},
	TITLE = {Analysis 1},
	YEAR = {2013},
	PUBLISHER = {Springer Spektrum},
	EDITION = {11}
}

@MISC{HM1Vortragsubung,
	Author = {Nicole Gauss},
	Year = {2017},
	Title = {HM1 Vortragsuebung},
	note = {Vorlesungsuebung}
}

@MISC{HM2Vortragsubung,
	Author = {Nicole Gauss},
	Year = {2018},
	Title = {HM2 Vortragsuebung},
	note = {Vorlesungsuebung}
}
